@thesis{burke2025local,
  title={Local Rewriting in Dependent Type Theory},
  author={Burke, Nathaniel},
  year={2025},
  url={https://github.com/NathanielB123/fyp/blob/main/submitted.pdf},
  type={mathesis},
}
