@inproceedings{saffrich2024intrinsically,
  author       = {Hannes Saffrich and
                  Peter Thiemann and
                  Marius Weidner},
  editor       = {Sandra Alves and
                  Jesper Cockx},
  title        = {Intrinsically Typed Syntax, a Logical Relation, and the Scourge of
                  the Transfer Lemma},
  booktitle    = {Proceedings of the 9th {ACM} {SIGPLAN} International Workshop on Type-Driven
                  Development, TyDe 2024, Milan, Italy, 6 September 2024},
  pages        = {2--15},
  publisher    = {{ACM}},
  year         = {2024},
  url          = {https://doi.org/10.1145/3678000.3678201},
  doi          = {10.1145/3678000.3678201},
}

@thesis{norell2007towards,
  title={Towards a practical programming language based on dependent type theory},
  author={Norell, Ulf},
  type={phdthesis},
  volume={32},
  year={2007},
  school={Chalmers University of Technology}
}

@software{agda2024agda,
  author = {The {Agda Team}},
  title = {{Agda}},
  url = {https://agda.readthedocs.io/},
  version = {2.7.0.1},
  year={2024},
  urldate={2025-05-14}
}

@unpublished{altenkirch2025copypaste,
  title={Substitution without copy and paste},
  author={Altenkirch, Thorsten and Burke, Nathaniel and Wadler, Philip},
  year={2025},
  url={https://github.com/txa/substitution/blob/main/lfmtp25-submission.pdf}
}

@inproceedings{lindley2013hasochism,
  author       = {Sam Lindley and
                  Conor McBride},
  editor       = {Chung{-}chieh Shan},
  title        = {Hasochism: the pleasure and pain of dependently typed haskell programming},
  booktitle    = {Proceedings of the 2013 {ACM} {SIGPLAN} Symposium on Haskell, Boston,
                  MA, USA, September 23-24, 2013},
  pages        = {81--92},
  publisher    = {{ACM}},
  year         = {2013},
  url          = {https://doi.org/10.1145/2503778.2503786},
  doi          = {10.1145/2503778.2503786},
}

@article{altenkirch2009big,
  author       = {Thorsten Altenkirch and
                  James Chapman},
  title        = {Big-step normalisation},
  journal      = {J. Funct. Program.},
  volume       = {19},
  number       = {3-4},
  pages        = {311--333},
  year         = {2009},
  url          = {https://doi.org/10.1017/S0956796809007278},
  doi          = {10.1017/S0956796809007278},
}

@inproceedings{altenkirch2020big,
  author       = {Thorsten Altenkirch and
                  Colin Geniet},
  editor       = {Marc Bezem and
                  Assia Mahboubi},
  title        = {Big Step Normalisation for Type Theory},
  booktitle    = {25th International Conference on Types for Proofs and Programs, {TYPES}
                  2019, June 11-14, 2019, Oslo, Norway},
  series       = {LIPIcs},
  volume       = {175},
  pages        = {4:1--4:20},
  publisher    = {Schloss Dagstuhl - Leibniz-Zentrum f{\"{u}}r Informatik},
  year         = {2019},
  url          = {https://doi.org/10.4230/LIPIcs.TYPES.2019.4},
  doi          = {10.4230/LIPICS.TYPES.2019.4},
}

@article{abel2017decidability,
  author       = {Andreas Abel and
                  Joakim {\"{O}}hman and
                  Andrea Vezzosi},
  title        = {Decidability of conversion for type theory in type theory},
  journal      = {Proc. {ACM} Program. Lang.},
  volume       = {2},
  number       = {{POPL}},
  pages        = {23:1--23:29},
  year         = {2018},
  url          = {https://doi.org/10.1145/3158111},
  doi          = {10.1145/3158111},
}

@inproceedings{abel2016decidability,
  title={On the decidability of conversion in type theory},
  author={Abel, Andreas and Coquand, Thierry and Mannaa, Bassel},
  booktitle={22nd International Conference on Types for Proofs and Programs, TYPES},
  pages={23--26},
  year={2016},
  url={https://www.cse.chalmers.se/~coquand/types16-mannaa.pdf},
}

@thesis{winterhalter2020formalisation,
  title    = {Formalisation and meta-theory of type theory},
  school   = {Universit{\'{e}} de Nantes},
  type     = {phdthesis},
  author   = {Winterhalter, Th{\'{e}}o},
  year     = {2020},
  url      = {https://github.com/TheoWinterhalter/phd-thesis/releases/download/v1.2.1/TheoWinterhalter-PhD-v1.2.1.pdf}
}

@inproceedings{sjoberg2015programming,
  author       = {Vilhelm Sj{\"{o}}berg and
                  Stephanie Weirich},
  editor       = {Sriram K. Rajamani and
                  David Walker},
  title        = {Programming up to Congruence},
  booktitle    = {Proceedings of the 42nd Annual {ACM} {SIGPLAN-SIGACT} Symposium on
                  Principles of Programming Languages, {POPL} 2015, Mumbai, India, January
                  15-17, 2015},
  pages        = {369--382},
  publisher    = {{ACM}},
  year         = {2015},
  url          = {https://doi.org/10.1145/2676726.2676974},
  doi          = {10.1145/2676726.2676974},
}

@article{scherer2017deciding,
  author       = {Gabriel Scherer},
  editor       = {Giuseppe Castagna and
                  Andrew D. Gordon},
  title        = {Deciding equivalence with sums and the empty type},
  booktitle    = {Proceedings of the 44th {ACM} {SIGPLAN} Symposium on Principles of
                  Programming Languages, {POPL} 2017, Paris, France, January 18-20,
                  2017},
  pages        = {374--386},
  publisher    = {{ACM}},
  year         = {2017},
  url          = {https://doi.org/10.1145/3009837.3009901},
  doi          = {10.1145/3009837.3009901},
}

@article{altenkirch2024internal,
  author       = {Thorsten Altenkirch and
                  Yorgo Chamoun and
                  Ambrus Kaposi and
                  Michael Shulman},
  title        = {Internal Parametricity, without an Interval},
  journal      = {Proc. {ACM} Program. Lang.},
  volume       = {8},
  number       = {{POPL}},
  pages        = {2340--2369},
  year         = {2024},
  url          = {https://doi.org/10.1145/3632920},
  doi          = {10.1145/3632920},
}

@inproceedings{winterhalter2025controlling,
  title={Controlling computation in type theory, locally},
  author={Winterhalter, Th{'{e}}o},
  booktitle={Presented at the EuroProofNet WG6 meeting 2025},
  year={2025},
  url={https://theowinterhalter.github.io/res/slides/local-comp-wg6-25.pdf}
}

@article{gratzer2022controlling,
  author       = {Daniel Gratzer and
                  Jonathan Sterling and
                  Carlo Angiuli and
                  Thierry Coquand and
                  Lars Birkedal},
  title        = {Controlling unfolding in type theory},
  journal      = {CoRR},
  volume       = {abs/2210.05420},
  year         = {2022},
  url          = {https://doi.org/10.48550/arXiv.2210.05420},
  doi          = {10.48550/ARXIV.2210.05420},
  eprinttype    = {arXiv},
  eprint       = {2210.05420},
}

@inproceedings{altenkirch2011case,
	title = {The case of the smart case},
  subtitle = {How to implement conditional convertibility?},
	author = {Altenkirch, Thorsten},
  booktitle = {Presented at NII Shonan Seminar 007},
	year = {2011},
	url = {https://shonan.nii.ac.jp/archives/seminar/007/files/2011/09/altenkirch_slides.pdf},
}

@inproceedings{kaposi2023towards,
  title={Towards quotient inductive-inductive-recursive types},
  author={Kaposi, Ambrus},
  booktitle={Presented at 29th International Conference on Types for Proofs and Programs TYPES 2023},
  year={2023},
  url={https://akaposi.github.io/pres_types_2023.pdf}
}

@inproceedings{altenkirch2017hell,
  title={From setoid hell to homotopy heaven?},
  subtitle={The role of extensionality in Type Theory},
  author={Altenkirch, Thorsten},
  booktitle={Presented at 23rd International Conference on Types for Proofs and Programs TYPES 2017},
  year={2017},
  url={https://people.cs.nott.ac.uk/psztxa/talks/types-17-hell.pdf}
}

@online{nlab2024product,
	title = {product type},
  subtitle={nLab},
  author ={{nLab Contributors}},
	url = {https://ncatlab.org/nlab/show/product+type},
	urldate = {2025-01-16},
	booktitle = {nLab},
	year = {2024},
}

@online{1lab2025exponentials,
  title={Exponential objects in presheaf categories},
  subtitle={1Lab},
  url={https://1lab.dev/Cat.Instances.Presheaf.Exponentials.html},
  author={Liao, Am{\'{e}}lia},
  year={2025},
  urldate={2025-04-05},
}

@article{pfenning1988higher,
  author       = {Frank Pfenning and
                  Conal Elliott},
  editor       = {Richard L. Wexelblat},
  title        = {Higher-Order Abstract Syntax},
  booktitle    = {Proceedings of the {ACM} SIGPLAN'88 Conference on Programming Language
                  Design and Implementation (PLDI), Atlanta, Georgia, USA, June 22-24,
                  1988},
  pages        = {199--208},
  publisher    = {{ACM}},
  year         = {1988},
  url          = {https://doi.org/10.1145/53990.54010},
  doi          = {10.1145/53990.54010},
}

@article{dougherty2000equality,
  author       = {Daniel J. Dougherty and
                  Ramesh Subrahmanyam},
  title        = {Equality between Functionals in the Presence of Coproducts},
  journal      = {Inf. Comput.},
  volume       = {157},
  number       = {1-2},
  pages        = {52--83},
  year         = {2000},
  url          = {https://doi.org/10.1006/inco.1999.2833},
  doi          = {10.1006/INCO.1999.2833},
}

@book{girard1989proofs,
  series = {Cambridge {Tracts} in {Theoretical} {Computer} {Science}},
  title = {Proofs and {Types}},
  number = {7},
  publisher = {Cambridge University Press},
  author = {Girard, Jean-Yves and Lafont, Yves and Taylor, Paul},
  year = {1989}
}

@online{kovacs2020strong,
	title = {StrongNorm.agda},
  subtitle={GitHub Gist},
  author = {Kov{\'a}cs, Andr{\'a}s},
	year = {2020},
	url = {https://github.com/AndrasKovacs/misc-stuff/blob/master/agda/STLCStrongNorm/StrongNorm.agda},
	urldate = {2025-01-16},
}

@online{kovacs2023setoid,
  title={TTinTTasSetoid.agda},
  subtitle={GitHub Gist},
  author={Kov{\'a}cs, Andr{\'a}s},
  url={https://gist.github.com/AndrasKovacs/4fcafec4c97fc1af75210f65c20e624d},
  urldate={2025-04-05},
  year={2023}
}

@Book{hottbook,
  author =    {The {Univalent Foundations Program}},
  title =     {Homotopy Type Theory: Univalent Foundations of Mathematics},
  publisher = {\url{https://homotopytypetheory.org/book}},
  address =   {Institute for Advanced Study},
  year =      2013}

@inproceedings{cockx2020type,
  author       = {Jesper Cockx},
  editor       = {Marc Bezem and
                  Assia Mahboubi},
  title        = {Type Theory Unchained: Extending Agda with User-Defined Rewrite Rules},
  booktitle    = {25th International Conference on Types for Proofs and Programs, {TYPES}
                  2019, June 11-14, 2019, Oslo, Norway},
  series       = {LIPIcs},
  volume       = {175},
  pages        = {2:1--2:27},
  publisher    = {Schloss Dagstuhl - Leibniz-Zentrum f{\"{u}}r Informatik},
  year         = {2019},
  url          = {https://doi.org/10.4230/LIPIcs.TYPES.2019.2},
  doi          = {10.4230/LIPICS.TYPES.2019.2},
}

@article{hickey1996formal,
  title={Formal objects in type theory using very dependent types},
  author={Hickey, Jason J},
  journal={Foundations of Object Oriented Languages},
  volume={3},
  pages={117--170},
  year={1996},
  url={https://www.cs.cornell.edu/jyh/papers/fool3/paper.pdf}
}

@inproceedings{altenkirch2022munchhausen,
  author       = {Thorsten Altenkirch and
                  Ambrus Kaposi and
                  Artjoms Sinkarovs and
                  Tam{\'{a}}s V{\'{e}}gh},
  editor       = {Delia Kesner and
                  Pierre{-}Marie P{\'{e}}drot},
  title        = {The M{\"{u}}nchhausen Method in Type Theory},
  booktitle    = {28th International Conference on Types for Proofs and Programs, {TYPES}
                  2022, June 20-25, 2022, LS2N, University of Nantes, France},
  series       = {LIPIcs},
  volume       = {269},
  pages        = {10:1--10:20},
  publisher    = {Schloss Dagstuhl - Leibniz-Zentrum f{\"{u}}r Informatik},
  year         = {2022},
  url          = {https://doi.org/10.4230/LIPIcs.TYPES.2022.10},
  doi          = {10.4230/LIPICS.TYPES.2022.10},
}

@article{martelli1982efficient,
  author       = {Alberto Martelli and
                  Ugo Montanari},
  title        = {An Efficient Unification Algorithm},
  journal      = {{ACM} Trans. Program. Lang. Syst.},
  volume       = {4},
  number       = {2},
  pages        = {258--282},
  year         = {1982},
  url          = {https://doi.org/10.1145/357162.357169},
  doi          = {10.1145/357162.357169},
}

@thesis{cockx2017dependent,
  author       = {Jesper Cockx},
  title        = {Dependent Pattern Matching and Proof-Relevant Unification},
  type         = {phdthesis},
  school       = {Katholieke Universiteit Leuven, Belgium},
  year         = {2017},
  url          = {https://lirias.kuleuven.be/handle/123456789/583556},
}

@inproceedings{goguen2006eliminating,
  author       = {Healfdene Goguen and
                  Conor McBride and
                  James McKinna},
  editor       = {Kokichi Futatsugi and
                  Jean{-}Pierre Jouannaud and
                  Jos{\'{e}} Meseguer},
  title        = {Eliminating Dependent Pattern Matching},
  booktitle    = {Algebra, Meaning, and Computation, Essays Dedicated to Joseph A. Goguen
                  on the Occasion of His 65th Birthday},
  series       = {Lecture Notes in Computer Science},
  volume       = {4060},
  pages        = {521--540},
  publisher    = {Springer},
  year         = {2006},
  url          = {https://doi.org/10.1007/11780274\_27},
  doi          = {10.1007/11780274\_27},
}

@article{cockx2018elab,
  author       = {Jesper Cockx and
                  Andreas Abel},
  title        = {Elaborating dependent (co)pattern matching},
  journal      = {Proc. {ACM} Program. Lang.},
  volume       = {2},
  number       = {{ICFP}},
  pages        = {75:1--75:30},
  year         = {2018},
  url          = {https://doi.org/10.1145/3236770},
  doi          = {10.1145/3236770},
}

@online{altenkirch2009smart,
  title={Smart Case [Re: [Agda] A puzzle with "with"]},
  subtitle={The Agda Mailing List},
  author={Altenkirch, Thorsten},
  year={2009},
  url={https://lists.chalmers.se/pipermail/agda/2009/001106.html},
}

@article{mcbride2004view,
  author       = {Conor McBride and
                  James McKinna},
  title        = {The view from the left},
  journal      = {J. Funct. Program.},
  volume       = {14},
  number       = {1},
  pages        = {69--111},
  year         = {2004},
  url          = {https://doi.org/10.1017/S0956796803004829},
  doi          = {10.1017/S0956796803004829},
}

@online{agda2024with,
  title={With-Abstraction},
  subtitle={The Agda 2.7.0.1 User Manual},
  author={The {Agda Team}},
  year={2024},
  url={https://agda.readthedocs.io/en/v2.7.0.1/language/with-abstraction.html},
  urldate={2025-01-20}
}

@online{agda2024cubical,
  title={Cubical},
  subtitle={The Agda 2.7.0.1 User Manual},
  author={The {Agda Team}},
  year={2024},
  url={https://agda.readthedocs.io/en/v2.7.0.1/language/cubical.html},
  urldate={2025-05-09}
}

@online{agda2024universe,
  title={Universe Levels},
  subtitle={The Agda 2.7.0.1 User Manual},
  author={The {Agda Team}},
  year={2024},
  url={https://agda.readthedocs.io/en/v2.7.0.1/language/universe-levels.html},
  urldate={2025-05-14}
}

@online{agda2024data,
  title={Data Types},
  subtitle={The Agda 2.7.0.1 User Manual},
  author={The {Agda Team}},
  year={2024},
  url={https://agda.readthedocs.io/en/v2.7.0.1/language/data-types.html},
  urldate={2025-05-14}
}

@online{agda2024lambda,
  title={Lambda Abstraction},
  subtitle={The Agda 2.7.0.1 User Manual},
  author={The {Agda Team}},
  year={2024},
  url={https://agda.readthedocs.io/en/v2.7.0.1/language/lambda-abstraction.html},
  urldate={2025-06-10}
}

@online{agda2024sugar,
  title={Syntactic Sugar},
  subtitle={The Agda 2.7.0.1 User Manual},
  author={The {Agda Team}},
  year={2024},
  url={https://agda.readthedocs.io/en/v2.7.0.1/language/syntactic-sugar.html},
  urldate={2025-06-11}
}


@inproceedings{coquand1992pattern,
  title={Pattern matching with dependent types},
  author={Coquand, Thierry},
  booktitle={Informal proceedings of Logical Frameworks},
  volume={92},
  pages={66--79},
  year={1992},
  url={https://wonks.github.io/type-theory-reading-group/papers/proc92-coquand.pdf}
}

@software{2024eqreasoning,
  title={Relation.Binary.EqReasoning},
  subtitle={The Agda Standard Library 2.1.1},
  author={{Various Contributors}},
  year={2024},
  url={https://agda.github.io/agda-stdlib/v2.1.1/Relation.Binary.Reasoning.Setoid.html},
  urldate={2025-01-20}
}

@software{2024propositional,
  title={Relation.Binary.PropositionalEquality},
  subtitle={The Agda Standard Library 2.1.1},
  author={{Various Contributors}},
  year={2024},
  url={https://agda.github.io/agda-stdlib/v2.1.1/Relation.Binary.PropositionalEquality.html},
  urldate={2025-01-20}
}

@online{rocq2024,
  title = "The {Rocq} Reference Manual -- Release 9.0",
  author = "{The Rocq Team}",
  year = "2025",
  url = "https://coq.inria.fr/doc/v9.0/refman/"
}

@article{brady2021idris,
  author       = {Edwin C. Brady},
  editor       = {Anders M{\o}ller and
                  Manu Sridharan},
  title        = {Idris 2: Quantitative Type Theory in Practice},
  booktitle    = {35th European Conference on Object-Oriented Programming, {ECOOP} 2021,
                  July 11-17, 2021, Aarhus, Denmark (Virtual Conference)},
  series       = {LIPIcs},
  volume       = {194},
  pages        = {9:1--9:26},
  publisher    = {Schloss Dagstuhl - Leibniz-Zentrum f{\"{u}}r Informatik},
  year         = {2021},
  url          = {https://doi.org/10.4230/LIPIcs.ECOOP.2021.9},
  doi          = {10.4230/LIPICS.ECOOP.2021.9},
}

@inproceedings{moura2021lean,
  author       = {Leonardo de Moura and
                  Sebastian Ullrich},
  editor       = {Andr{\'{e}} Platzer and
                  Geoff Sutcliffe},
  title        = {The Lean 4 Theorem Prover and Programming Language},
  booktitle    = {Automated Deduction - {CADE} 28 - 28th International Conference on
                  Automated Deduction, Virtual Event, July 12-15, 2021, Proceedings},
  series       = {Lecture Notes in Computer Science},
  volume       = {12699},
  pages        = {625--635},
  publisher    = {Springer},
  year         = {2021},
  url          = {https://doi.org/10.1007/978-3-030-79876-5_37},
  doi          = {10.1007/978-3-030-79876-5_37},
}

@incollection{martin1975intuitionistic,
  title = {An Intuitionistic Theory of Types: Predicative Part},
  editor = {H.E. Rose and J.C. Shepherdson},
  series = {Studies in Logic and the Foundations of Mathematics},
  publisher = {Elsevier},
  volume = {80},
  pages = {73-118},
  year = {1975},
  booktitle = {Logic Colloquium '73},
  issn = {0049-237X},
  doi = {https://doi.org/10.1016/S0049-237X(08)71945-1},
  url = {https://www.sciencedirect.com/science/article/pii/S0049237X08719451},
  author = {Per Martin-L{\"{o}}f},
}

@inproceedings{pfenning1989cic,
  author       = {Frank Pfenning and
                  Christine Paulin{-}Mohring},
  editor       = {Michael G. Main and
                  Austin Melton and
                  Michael W. Mislove and
                  David A. Schmidt},
  title        = {Inductively Defined Types in the Calculus of Constructions},
  booktitle    = {Mathematical Foundations of Programming Semantics, 5th International
                  Conference, Tulane University, New Orleans, Louisiana, USA, March
                  29 - April 1, 1989, Proceedings},
  series       = {Lecture Notes in Computer Science},
  volume       = {442},
  pages        = {209--228},
  publisher    = {Springer},
  year         = {1989},
  url          = {https://doi.org/10.1007/BFb0040259},
  doi          = {10.1007/BFB0040259},
}

@inproceedings{altenkirch2007observational,
  author       = {Thorsten Altenkirch and
                  Conor McBride and
                  Wouter Swierstra},
  editor       = {Aaron Stump and
                  Hongwei Xi},
  title        = {Observational equality, now!},
  booktitle    = {Proceedings of the {ACM} Workshop Programming Languages meets Program
                  Verification, {PLPV} 2007, Freiburg, Germany, October 5, 2007},
  pages        = {57--68},
  publisher    = {{ACM}},
  year         = {2007},
  url          = {https://doi.org/10.1145/1292597.1292608},
  doi          = {10.1145/1292597.1292608},
}

@article{pujet2022observational,
  author       = {Lo{\"{i}}c Pujet and
                  Nicolas Tabareau},
  title        = {Observational equality: now for good},
  journal      = {Proc. {ACM} Program. Lang.},
  volume       = {6},
  number       = {{POPL}},
  pages        = {1--27},
  year         = {2022},
  url          = {https://doi.org/10.1145/3498693},
  doi          = {10.1145/3498693},
}

@article{kovacs2022staged,
  author       = {Andr{\'{a}}s Kov{\'{a}}cs},
  title        = {Staged compilation with two-level type theory},
  journal      = {Proc. {ACM} Program. Lang.},
  volume       = {6},
  number       = {{ICFP}},
  pages        = {540--569},
  year         = {2022},
  url          = {https://doi.org/10.1145/3547641},
  doi          = {10.1145/3547641},
}

@inproceedings{cohen2016cubical,
  author       = {Cyril Cohen and
                  Thierry Coquand and
                  Simon Huber and
                  Anders M{\"{o}}rtberg},
  editor       = {Tarmo Uustalu},
  title        = {Cubical Type Theory: {A} Constructive Interpretation of the Univalence
                  Axiom},
  booktitle    = {21st International Conference on Types for Proofs and Programs, {TYPES}
                  2015, May 18-21, 2015, Tallinn, Estonia},
  series       = {LIPIcs},
  volume       = {69},
  pages        = {5:1--5:34},
  publisher    = {Schloss Dagstuhl - Leibniz-Zentrum f{\"{u}}r Informatik},
  year         = {2015},
  url          = {https://doi.org/10.4230/LIPIcs.TYPES.2015.5},
  doi          = {10.4230/LIPICS.TYPES.2015.5}
}

@thesis{streicher1993investigations,
  title={Investigations into intensional type theory},
  author={Streicher, Thomas},
  type={habilthesis},
  journal={Ludwig Maximilian Universit{\"a}t},
  pages={57},
  year={1993},
  url={https://ncatlab.org/nlab/files/Streicher-IntensionalTT.pdf}
}

@inproceedings{altenkirch2001normalization,
  author       = {Thorsten Altenkirch and
                  Peter Dybjer and
                  Martin Hofmann and
                  Philip J. Scott},
  title        = {Normalization by Evaluation for Typed Lambda Calculus with Coproducts},
  booktitle    = {16th Annual {IEEE} Symposium on Logic in Computer Science, Boston,
                  Massachusetts, USA, June 16-19, 2001, Proceedings},
  pages        = {303--310},
  publisher    = {{IEEE} Computer Society},
  year         = {2001},
  url          = {https://doi.org/10.1109/LICS.2001.932506},
  doi          = {10.1109/LICS.2001.932506},
}

@unpublished{altenkirch2008pisigma,
  title={$\Pi$$\Sigma$: A Core Language for Dependently Typed Programming},
  author={Altenkirch, Thorsten and Oury, Nicolas},
  year={2008},
  url={https://people.cs.nott.ac.uk/psztxa/publ/pisigma.pdf}
}

@inproceedings{altenkirch2010pisigma,
  author       = {Thorsten Altenkirch and
                  Nils Anders Danielsson and
                  Andres L{\"{o}}h and
                  Nicolas Oury},
  editor       = {Matthias Blume and
                  Naoki Kobayashi and
                  Germ{\'{a}}n Vidal},
  title        = {PiSigma: Dependent Types without the Sugar},
  booktitle    = {Functional and Logic Programming, 10th International Symposium, {FLOPS}
                  2010, Sendai, Japan, April 19-21, 2010. Proceedings},
  series       = {Lecture Notes in Computer Science},
  volume       = {6009},
  pages        = {40--55},
  publisher    = {Springer},
  year         = {2010},
  url          = {https://doi.org/10.1007/978-3-642-12251-4_5},
  doi          = {10.1007/978-3-642-12251-4_5},
}

@unpublished{pedrot2021debunking,
  title={Debunking Sheaves},
  author={P{\'e}drot, Pierre-Marie},
  year={2021},
  url={https://www.xn--pdrot-bsa.fr/drafts/sheaftt.pdf}
}

@online{conor2010wtypes,
  title={W-types: good news and bad news},
  subtitle={Epilogue for Epigram},
  author={McBride, Conor},
  year={2010},
  url={https://mazzo.li/epilogue/index.html%3Fp=324.html},
  urldate={2025-01-21}
}

@inproceedings{sulzmann2007system,
  author       = {Martin Sulzmann and
                  Manuel M. T. Chakravarty and
                  Simon L. Peyton Jones and
                  Kevin Donnelly},
  editor       = {Fran{\c{c}}ois Pottier and
                  George C. Necula},
  title        = {System {F} with type equality coercions},
  booktitle    = {Proceedings of TLDI'07: 2007 {ACM} {SIGPLAN} International Workshop
                  on Types in Languages Design and Implementation, Nice, France, January
                  16, 2007},
  pages        = {53--66},
  publisher    = {{ACM}},
  year         = {2007},
  url          = {https://doi.org/10.1145/1190315.1190324},
  doi          = {10.1145/1190315.1190324},
}

@article{kiss2019higher,
  author       = {Csongor Kiss and
                  Tony Field and
                  Susan Eisenbach and
                  Simon Peyton Jones},
  title        = {Higher-order type-level programming in Haskell},
  journal      = {Proc. {ACM} Program. Lang.},
  volume       = {3},
  number       = {{ICFP}},
  pages        = {102:1--102:26},
  year         = {2019},
  url          = {https://doi.org/10.1145/3341706},
  doi          = {10.1145/3341706},
}

@inproceedings{eisenberg2020stitch,
  author       = {Richard A. Eisenberg},
  editor       = {Tom Schrijvers},
  title        = {Stitch: the sound type-indexed type checker (functional pearl)},
  booktitle    = {Proceedings of the 13th {ACM} {SIGPLAN} International Symposium on
                  Haskell, Haskell@ICFP 2020, Virtual Event, USA, August 7, 2020},
  pages        = {39--53},
  publisher    = {{ACM}},
  year         = {2020},
  url          = {https://doi.org/10.1145/3406088.3409015},
  doi          = {10.1145/3406088.3409015},
}

@software{sixty,
  title={Sixty},
  author={Fredriksson, Olle},
  year={2019},
  url={https://github.com/ollef/sixty},
  urldate={2025-01-21}
}

@thesis{komel2021meta,
  title={Meta-analysis of type theories with an application to the design of formal proofs},
  author={Komel, Anja Petkovi{\'c}},
  type={phdthesis},
  year={2021},
  school={University of Ljubljana},
  url={https://anjapetkovic.com/img/doctoralThesis.pdf}
}

@article{assaf2016dedukti,
  author       = {Ali Assaf and
                  Guillaume Burel and
                  Rapha{\"{e}}l Cauderlier and
                  David Delahaye and
                  Gilles Dowek and
                  Catherine Dubois and
                  Fr{\'{e}}d{\'{e}}ric Gilbert and
                  Pierre Halmagrand and
                  Olivier Hermant and
                  Ronan Saillard},
  title        = {Dedukti: a Logical Framework based on the {\(\lambda\)}{\(\Pi\)}-Calculus
                  Modulo Theory},
  journal      = {CoRR},
  volume       = {abs/2311.07185},
  year         = {2023},
  url          = {https://doi.org/10.48550/arXiv.2311.07185},
  doi          = {10.48550/ARXIV.2311.07185},
  eprinttype    = {arXiv},
  eprint       = {2311.07185},
}

@article{cockx2021taming,
  author       = {Jesper Cockx and
                  Nicolas Tabareau and
                  Th{\'{e}}o Winterhalter},
  title        = {The taming of the rew: a type theory with computational assumptions},
  journal      = {Proc. {ACM} Program. Lang.},
  volume       = {5},
  number       = {{POPL}},
  pages        = {1--29},
  year         = {2021},
  url          = {https://doi.org/10.1145/3434341},
  doi          = {10.1145/3434341},
}

@inproceedings{genestier2019sizechangetool,
  TITLE = {{SizeChangeTool: A Termination Checker for Rewriting Dependent Types}},
  AUTHOR = {Genestier, Guillaume},
  BOOKTITLE = {{Joint Proceedings of HOR 2019 and IWC 2019}},
  ADDRESS = {Dortmund, Germany},
  EDITOR = {Mauricio Ayala-Rinc{\'o}n and Silvia Ghilezan and Jakob Grue Simonsen},
  SERIES = {Joint Proceedings of HOR 2019 and IWC 2019},
  PAGES = {14-19},
  YEAR = {2019},
  URL = {https://hal.science/hal-02442465v1/file/presentationSCT.pdf},
}

@report{eisenberg2015system,
  title={System FC, as implemented in GHC},
  author={Eisenberg, Richard A},
  type={techreport},
  institution={University of Pennsylvania},
  year={2015},
  url={https://repository.brynmawr.edu/cgi/viewcontent.cgi?article=1015&context=compsci_pubs}
}

@misc{brady2024yaffle,
  title={Yaffle: A New Core for Idris 2},
  subtitle={Presented at the Workshop on the Implementation of Type Systems (WITS) 2024},
  author={Brady, Edwin},
  year={2024},
  url={https://www.youtube.com/watch?v=_ApsEm2t6UY}
}

@thesis{ullrich2023extensible,
  author       = {Sebastian Ullrich},
  title        = {An Extensible Theorem Proving Frontend},
  school       = {Karlsruhe Institute of Technology, Germany},
  year         = {2023},
  url          = {https://nbn-resolving.org/urn:nbn:de:101:1-2023080204582480933072},
  urn          = {urn:nbn:de:101:1-2023080204582480933072},
  doi          = {10.5445/IR/1000161074},
  type         = {phdthesis},
}

@online{cockx2024core,
  title={Agda Core: The Dream and the Reality},
  author={Cockx, Jesper},
  year={2024},
  url={https://jesper.cx/posts/agda-core.html},
  urldate={2024-01-21}
}

@article{leray2024rewster,
  author       = {Yann Leray and
                  Ga{\"{e}}tan Gilbert and
                  Nicolas Tabareau and
                  Th{\'{e}}o Winterhalter},
  editor       = {Yves Bertot and
                  Temur Kutsia and
                  Michael Norrish},
  title        = {The Rewster: Type Preserving Rewrite Rules for the Coq Proof Assistant},
  booktitle    = {15th International Conference on Interactive Theorem Proving, {ITP}
                  2024, September 9-14, 2024, Tbilisi, Georgia},
  series       = {LIPIcs},
  volume       = {309},
  pages        = {26:1--26:18},
  publisher    = {Schloss Dagstuhl - Leibniz-Zentrum f{\"{u}}r Informatik},
  year         = {2024},
  url          = {https://doi.org/10.4230/LIPIcs.ITP.2024.26},
  doi          = {10.4230/LIPICS.ITP.2024.26},
}

@inproceedings{oury2005extensionality,
  author       = {Nicolas Oury},
  editor       = {Joe Hurd and
                  Thomas F. Melham},
  title        = {Extensionality in the Calculus of Constructions},
  booktitle    = {Theorem Proving in Higher Order Logics, 18th International Conference,
                  TPHOLs 2005, Oxford, UK, August 22-25, 2005, Proceedings},
  series       = {Lecture Notes in Computer Science},
  volume       = {3603},
  pages        = {278--293},
  publisher    = {Springer},
  year         = {2005},
  url          = {https://doi.org/10.1007/11541868\_18},
  doi          = {10.1007/11541868\_18},
}

@inproceedings{hofmann1995conservativity,
  author       = {Martin Hofmann},
  editor       = {Stefano Berardi and
                  Mario Coppo},
  title        = {Conservativity of Equality Reflection over Intensional Type Theory},
  booktitle    = {Types for Proofs and Programs, International Workshop TYPES'95, Torino,
                  Italy, June 5-8, 1995, Selected Papers},
  series       = {Lecture Notes in Computer Science},
  volume       = {1158},
  pages        = {153--164},
  publisher    = {Springer},
  year         = {1995},
  url          = {https://doi.org/10.1007/3-540-61780-9\_68},
  doi          = {10.1007/3-540-61780-9\_68},
}

@inproceedings{winterhalter2019eliminating,
  author       = {Th{\'{e}}o Winterhalter and
                  Matthieu Sozeau and
                  Nicolas Tabareau},
  editor       = {Assia Mahboubi and
                  Magnus O. Myreen},
  title        = {Eliminating reflection from type theory},
  booktitle    = {Proceedings of the 8th {ACM} {SIGPLAN} International Conference on
                  Certified Programs and Proofs, {CPP} 2019, Cascais, Portugal, January
                  14-15, 2019},
  pages        = {91--103},
  publisher    = {{ACM}},
  year         = {2019},
  url          = {https://doi.org/10.1145/3293880.3294095},
  doi          = {10.1145/3293880.3294095},
}

@inproceedings{blot2024rewrite,
  author       = {Valentin Blot and
                  Gilles Dowek and
                  Thomas Traversi{\'{e}} and
                  Th{\'{e}}o Winterhalter},
  editor       = {Naoki Kobayashi and
                  James Worrell},
  title        = {From Rewrite Rules to Axioms in the $\lambda$$\varPi$-Calculus Modulo Theory},
  booktitle    = {Foundations of Software Science and Computation Structures - 27th
                  International Conference, FoSSaCS 2024, Held as Part of the European
                  Joint Conferences on Theory and Practice of Software, {ETAPS} 2024,
                  Luxembourg City, Luxembourg, April 6-11, 2024, Proceedings, Part {II}},
  series       = {Lecture Notes in Computer Science},
  volume       = {14575},
  pages        = {3--23},
  publisher    = {Springer},
  year         = {2024},
  url          = {https://doi.org/10.1007/978-3-031-57231-9_1},
  doi          = {10.1007/978-3-031-57231-9_1},
}

@inproceedings{selsam2016congruence,
  author       = {Daniel Selsam and
                  Leonardo de Moura},
  editor       = {Nicola Olivetti and
                  Ashish Tiwari},
  title        = {Congruence Closure in Intensional Type Theory},
  booktitle    = {Automated Reasoning - 8th International Joint Conference, {IJCAR}
                  2016, Coimbra, Portugal, June 27 - July 2, 2016, Proceedings},
  series       = {Lecture Notes in Computer Science},
  volume       = {9706},
  pages        = {99--115},
  publisher    = {Springer},
  year         = {2016},
  url          = {https://doi.org/10.1007/978-3-319-40229-1_8},
  doi          = {10.1007/978-3-319-40229-1_8},
}

@online{idris2023with,
  title={Views and the "with" rule},
  subtitle={A Crash Course in Idris 2},
  author={{Various Contributors}},
  year={2023},
  url={https://idris2.readthedocs.io/en/latest/tutorial/views.html},
  urldate={2025-05-20}
}

@unpublished{mcbride2012polynomial,
  title={A polynomial testing principle},
  author={McBride, Conor},
  year={2012},
  url={https://personal.cis.strath.ac.uk/conor.mcbride/PolyTest.pdf},
}

@inproceedings{maillard2024splitting,
  title={Splitting Booleans with Normalization-by-Evaluation},
  booktitle={Presented at 30th International Conference on Types for Proofs and Programs TYPES 2024},
  author={Maillard, Kenji},
  pages={121},
  year={2024},
  url={https://kenji.maillard.blue/Presentations/boolextTypes24.pdf}
}

@inproceedings{kovacs2025eta,
  title={Eta conversion for the unit type},
  subtitle={(is still not that simple)},
  author={Kov{\'a}cs, Andr{\'a}s},
  booktitle={Presented at the Workshop on the Implementation of Type Systems (WITS) 2024},
  year={2025},
  url={https://andraskovacs.github.io/pdfs/wits25prez.pdf}
}

@inproceedings{lennon2022eta,
  title={{\'A} Bas L'{$\eta$}},
  subtitle={Coq's Troublesome {$\eta$}-Conversion},
  year={2022},
  booktitle={Presented at the Workshop on the Implementation of Type Systems (WITS) 2022},
  author={Lennon-Bertrand, Meven},
  url={https://www.meven.ac/documents/WITS-22.pdf}
}

@inproceedings{lindley2007extensional,
  author       = {Sam Lindley},
  editor       = {Simona Ronchi Della Rocca},
  title        = {Extensional Rewriting with Sums},
  booktitle    = {Typed Lambda Calculi and Applications, 8th International Conference,
                  {TLCA} 2007, Paris, France, June 26-28, 2007, Proceedings},
  series       = {Lecture Notes in Computer Science},
  volume       = {4583},
  pages        = {255--271},
  publisher    = {Springer},
  year         = {2007},
  url          = {https://doi.org/10.1007/978-3-540-73228-0_19},
  doi          = {10.1007/978-3-540-73228-0_19},
}

@inproceedings{altenkirch2004normalization,
  author       = {Thorsten Altenkirch and
                  Tarmo Uustalu},
  editor       = {Yukiyoshi Kameyama and
                  Peter J. Stuckey},
  title        = {Normalization by evaluation for $\lambda^{\rightarrow2}$},
  booktitle    = {Functional and Logic Programming, 7th International Symposium, {FLOPS}
                  2004, Nara, Japan, April 7-9, 2004, Proceedings},
  series       = {Lecture Notes in Computer Science},
  volume       = {2998},
  pages        = {260--275},
  publisher    = {Springer},
  year         = {2004},
  url          = {https://doi.org/10.1007/978-3-540-24754-8_19},
  doi          = {10.1007/978-3-540-24754-8_19},
}

@misc{mcbride2025double,
  title={My Favourite Double Category},
  subtitle={MSP101 Talk},
  author={McBride, Conor},
  year={2025},
  url={https://www.youtube.com/watch?v=aAgqu1y4Xto}
}

@article{mcbride2003first,
  author       = {Conor McBride},
  title        = {First-order unification by structural recursion},
  journal      = {J. Funct. Program.},
  volume       = {13},
  number       = {6},
  pages        = {1061--1075},
  year         = {2003},
  url          = {https://doi.org/10.1017/S0956796803004957},
  doi          = {10.1017/S0956796803004957},
}

@thesis{mcbride2000dependently,
  author       = {Conor McBride},
  title        = {Dependently typed functional programs and their proofs},
  school       = {University of Edinburgh, {UK}},
  year         = {2000},
  url          = {https://hdl.handle.net/1842/374},
  type         = {phdthesis}
}

@article{altenkirch2016type,
  author       = {Thorsten Altenkirch and
                  Ambrus Kaposi},
  editor       = {Rastislav Bod{\'{\i}}k and
                  Rupak Majumdar},
  title        = {Type theory in type theory using quotient inductive types},
  booktitle    = {Proceedings of the 43rd Annual {ACM} {SIGPLAN-SIGACT} Symposium on
                  Principles of Programming Languages, {POPL} 2016, St. Petersburg,
                  FL, USA, January 20 - 22, 2016},
  pages        = {18--29},
  publisher    = {{ACM}},
  year         = {2016},
  url          = {https://doi.org/10.1145/2837614.2837638},
  doi          = {10.1145/2837614.2837638},
}

@inproceedings{mcbride2010outrageous,
  author       = {Conor McBride},
  editor       = {Bruno C. d. S. Oliveira and
                  Marcin Zalewski},
  title        = {Outrageous but meaningful coincidences: dependent type-safe syntax
                  and evaluation},
  booktitle    = {Proceedings of the {ACM} {SIGPLAN} Workshop on Generic Programming,
                  {WGP} 2010, Baltimore, MD, USA, September 27-29, 2010},
  pages        = {1--12},
  publisher    = {{ACM}},
  year         = {2010},
  url          = {https://doi.org/10.1145/1863495.1863497},
  doi          = {10.1145/1863495.1863497},
}

@inproceedings{altenkirch1995categorical,
  author       = {Thorsten Altenkirch and
                  Martin Hofmann and
                  Thomas Streicher},
  editor       = {David H. Pitt and
                  David E. Rydeheard and
                  Peter T. Johnstone},
  title        = {Categorical Reconstruction of a Reduction Free Normalization Proof},
  booktitle    = {Category Theory and Computer Science, 6th International Conference,
                  {CTCS} '95, Cambridge, UK, August 7-11, 1995, Proceedings},
  series       = {Lecture Notes in Computer Science},
  volume       = {953},
  pages        = {182--199},
  publisher    = {Springer},
  year         = {1995},
  url          = {https://doi.org/10.1007/3-540-60164-3_27},
  doi          = {10.1007/3-540-60164-3_27},
}

@inproceedings{sterling2021normalization,
  author       = {Jonathan Sterling and
                  Carlo Angiuli},
  title        = {Normalization for Cubical Type Theory},
  booktitle    = {36th Annual {ACM/IEEE} Symposium on Logic in Computer Science, {LICS}
                  2021, Rome, Italy, June 29 - July 2, 2021},
  pages        = {1--15},
  publisher    = {{IEEE}},
  year         = {2021},
  url          = {https://doi.org/10.1109/LICS52264.2021.9470719},
  doi          = {10.1109/LICS52264.2021.9470719},
}

@article{altenkirch2017normalisation,
  author       = {Thorsten Altenkirch and
                  Ambrus Kaposi},
  title        = {Normalisation by Evaluation for Type Theory, in Type Theory},
  journal      = {Log. Methods Comput. Sci.},
  volume       = {13},
  number       = {4},
  year         = {2017},
  url          = {https://doi.org/10.23638/LMCS-13(4:1)2017},
  doi          = {10.23638/LMCS-13(4:1)2017},
}

@thesis{nelson1980techniques,
  title={Techniques for program verification},
  author={Nelson, Charles Gregory},
  year={1980},
  school={Stanford University},
  type={phdthesis},
  url={https://people.eecs.berkeley.edu/~necula/Papers/nelson-thesis.pdf}
}

@article{willsey2021egg,
  author       = {Max Willsey and
                  Chandrakana Nandi and
                  Yisu Remy Wang and
                  Oliver Flatt and
                  Zachary Tatlock and
                  Pavel Panchekha},
  title        = {egg: Fast and extensible equality saturation},
  journal      = {Proc. {ACM} Program. Lang.},
  volume       = {5},
  number       = {{POPL}},
  pages        = {1--29},
  year         = {2021},
  url          = {https://doi.org/10.1145/3434304},
  doi          = {10.1145/3434304},
}

@inproceedings{de1972lambda,
title = {Lambda calculus notation with nameless dummies, a tool for automatic formula manipulation, with application to the Church-Rosser theorem},
journal = {Indagationes Mathematicae (Proceedings)},
volume = {75},
number = {5},
pages = {381-392},
year = {1972},
issn = {1385-7258},
doi = {https://doi.org/10.1016/1385-7258(72)90034-0},
url = {https://www.sciencedirect.com/science/article/pii/1385725872900340},
author = {N.G {de Bruijn}},
}

@article{abel2020failure,
  author       = {Andreas Abel and
                  Thierry Coquand},
  title        = {Failure of Normalization in Impredicative Type Theory with Proof-Irrelevant
                  Propositional Equality},
  journal      = {Log. Methods Comput. Sci.},
  volume       = {16},
  number       = {2},
  year         = {2020},
  url          = {https://doi.org/10.23638/LMCS-16(2:14)2020},
  doi          = {10.23638/LMCS-16(2:14)2020},
}

@online{mcbride2025free,
title={There is no such thing as a free variable. There are only variables bound in the context.},
subtitle={Mastodon Post},
author={McBride, Conor},
year={2025},
urldate={2025-03-07},
url={https://types.pl/@pigworker/114087501391646354}
}

@software{kovacs2023smalltt,
title={smalltt},
year={2023},
urldate={2025-03-07},
url={https://github.com/AndrasKovacs/smalltt},
author={Kov{\'a}cs, Andr{\'a}s},
}

@inproceedings{berger1991inverse,
  author       = {Ulrich Berger and
                  Helmut Schwichtenberg},
  title        = {An Inverse of the Evaluation Functional for Typed lambda-calculus},
  booktitle    = {Proceedings of the Sixth Annual Symposium on Logic in Computer Science
                  {(LICS} '91), Amsterdam, The Netherlands, July 15-18, 1991},
  pages        = {203--211},
  publisher    = {{IEEE} Computer Society},
  year         = {1991},
  url          = {https://doi.org/10.1109/LICS.1991.151645},
  doi          = {10.1109/LICS.1991.151645},
}

@article{hofmann1997syntax,
author="Hofmann, Martin",
title="Syntax and semantics of dependent types",
bookTitle="Extensional Constructs in Intensional Type Theory",
year="1997",
publisher="Springer London",
address="London",
pages="13--54",
isbn="978-1-4471-0963-1",
doi="10.1007/978-1-4471-0963-1_2",
url="https://doi.org/10.1007/978-1-4471-0963-1_2"
}

@unpublished{kaposi2025type,
  title={Type Theory in Type Theory Using a Strictified Syntax},
  author={Kaposi, Ambrus and Pujet, Lo{\"i}c},
  year={2025},
  url = {https://pujet.fr/pdf/strictification_preprint.pdf}
}

@inproceedings{danielsson2006formalisation,
  author       = {Nils Anders Danielsson},
  editor       = {Thorsten Altenkirch and
                  Conor McBride},
  title        = {A Formalisation of a Dependently Typed Language as an Inductive-Recursive
                  Family},
  booktitle    = {Types for Proofs and Programs, International Workshop, {TYPES} 2006,
                  Nottingham, UK, April 18-21, 2006, Revised Selected Papers},
  series       = {Lecture Notes in Computer Science},
  volume       = {4502},
  pages        = {93--109},
  publisher    = {Springer},
  year         = {2006},
  url          = {https://doi.org/10.1007/978-3-540-74464-1_7},
  doi          = {10.1007/978-3-540-74464-1_7},
}

@article{coquand1996algorithm,
  author       = {Thierry Coquand},
  title        = {An Algorithm for Type-Checking Dependent Types},
  journal      = {Sci. Comput. Program.},
  volume       = {26},
  number       = {1-3},
  pages        = {167--177},
  year         = {1996},
  url          = {https://doi.org/10.1016/0167-6423(95)00021-6},
  doi          = {10.1016/0167-6423(95)00021-6},
}

@thesis{kovacs2017machine,
  title={A machine-checked correctness proof of normalization by evaluation for simply typed lambda calculus},
  author={Kov{\'a}cs, Andr{\'a}s},
  type={mathesis},
  year={2017},
  school={E{\"o}tv{\"o}s Lor{\'a}nd University, Budapest},
  url={https://andraskovacs.github.io/pdfs/mscthesis.pdf}
}

@inproceedings{keller2010hereditary,
  author       = {Chantal Keller and
                  Thorsten Altenkirch},
  editor       = {Venanzio Capretta and
                  James Chapman},
  title        = {Hereditary Substitutions for Simple Types, Formalized},
  booktitle    = {Proceedings of the 3rd {ACM} {SIGPLAN} Workshop on Mathematically
                  Structured Functional Programming, MSFP@ICFP 2010, Baltimore, MD,
                  USA, September 25, 2010},
  pages        = {3--10},
  publisher    = {{ACM}},
  year         = {2010},
  url          = {https://doi.org/10.1145/1863597.1863601},
  doi          = {10.1145/1863597.1863601},
}

@online{zulip2024combining,
  title={Combining Accessibility Proofs and Structural Ordering},
  subtitle={Discussion on the Agda Zulip Server},
  author={Allais Guillaume and Favier, Na{\"{i}}m Camille},
  year={2024},
  url={https://agda.zulipchat.com/#narrow/channel/238741-general/topic/Combining.20Accessibility.20Proofs.20and.20Structural.20Ordering}
}

@inproceedings{kovacs2020large,
  author       = {Andr{\'{a}}s Kov{\'{a}}cs and
                  Ambrus Kaposi},
  editor       = {Holger Hermanns and
                  Lijun Zhang and
                  Naoki Kobayashi and
                  Dale Miller},
  title        = {Large and Infinitary Quotient Inductive-Inductive Types},
  booktitle    = {{LICS} '20: 35th Annual {ACM/IEEE} Symposium on Logic in Computer
                  Science, Saarbr{\"{u}}cken, Germany, July 8-11, 2020},
  pages        = {648--661},
  publisher    = {{ACM}},
  year         = {2020},
  url          = {https://doi.org/10.1145/3373718.3394770},
  doi          = {10.1145/3373718.3394770},
}

@thesis{kovacs2023type,
  title={Type-theoretic signatures for algebraic theories and inductive types},
  author={Kov{\'a}cs, Andr{\'a}s},
  type={phdthesis},
  school={E{\"o}tv{\"o}s Lor{\'a}nd University},
  year={2023},
  url          = {https://doi.org/10.48550/arXiv.2302.08837},
  doi          = {10.48550/ARXIV.2302.08837},
}


@inproceedings{geuvers1994short,
  author       = {Herman Geuvers},
  editor       = {Peter Dybjer and
                  Bengt Nordstr{\"{o}}m and
                  Jan M. Smith},
  title        = {A short and flexible proof of Strong Normalization for the Calculus
                  of Constructions},
  booktitle    = {Types for Proofs and Programs, International Workshop TYPES'94, B{\aa}stad,
                  Sweden, June 6-10, 1994, Selected Papers},
  series       = {Lecture Notes in Computer Science},
  volume       = {996},
  pages        = {14--38},
  publisher    = {Springer},
  year         = {1994},
  url          = {https://doi.org/10.1007/3-540-60579-7_2},
  doi          = {10.1007/3-540-60579-7_2},
}

@unpublished{barras1997coq,
  title={Coq in Coq},
  author={Barras, Bruno and Werner, Benjamin},
  year={1997},
  url={https://www.lix.polytechnique.fr/Labo/Bruno.Barras/publi/coqincoq.pdf}
}

@inproceedings{dybjer1995internal,
  author       = {Peter Dybjer},
  editor       = {Stefano Berardi and
                  Mario Coppo},
  title        = {Internal Type Theory},
  booktitle    = {Types for Proofs and Programs, International Workshop TYPES'95, Torino,
                  Italy, June 5-8, 1995, Selected Papers},
  series       = {Lecture Notes in Computer Science},
  volume       = {1158},
  pages        = {120--134},
  publisher    = {Springer},
  year         = {1995},
  url          = {https://doi.org/10.1007/3-540-61780-9_66},
  doi          = {10.1007/3-540-61780-9_66},
}

@inproceedings{altenkirch1999extensional,
  author       = {Thorsten Altenkirch},
  title        = {Extensional Equality in Intensional Type Theory},
  booktitle    = {14th Annual {IEEE} Symposium on Logic in Computer Science, Trento,
                  Italy, July 2-5, 1999},
  pages        = {412--420},
  publisher    = {{IEEE} Computer Society},
  year         = {1999},
  url          = {https://doi.org/10.1109/LICS.1999.782636},
  doi          = {10.1109/LICS.1999.782636},
}

@inproceedings{altenkirch2021constructing,
  author       = {Thorsten Altenkirch and
                  Simon Boulier and
                  Ambrus Kaposi and
                  Christian Sattler and
                  Filippo Sestini},
  editor       = {Stefan Kiefer and
                  Christine Tasson},
  title        = {Constructing a universe for the setoid model},
  booktitle    = {Foundations of Software Science and Computation Structures - 24th
                  International Conference, {FOSSACS} 2021, Held as Part of the European
                  Joint Conferences on Theory and Practice of Software, {ETAPS} 2021,
                  Luxembourg City, Luxembourg, March 27 - April 1, 2021, Proceedings},
  series       = {Lecture Notes in Computer Science},
  volume       = {12650},
  pages        = {1--21},
  publisher    = {Springer},
  year         = {2021},
  url          = {https://doi.org/10.1007/978-3-030-71995-1_1},
  doi          = {10.1007/978-3-030-71995-1_1},
}

@inproceedings{altenkirch2019setoid,
  author       = {Thorsten Altenkirch and
                  Simon Boulier and
                  Ambrus Kaposi and
                  Nicolas Tabareau},
  editor       = {Graham Hutton},
  title        = {Setoid Type Theory - {A} Syntactic Translation},
  booktitle    = {Mathematics of Program Construction - 13th International Conference,
                  {MPC} 2019, Porto, Portugal, October 7-9, 2019, Proceedings},
  series       = {Lecture Notes in Computer Science},
  volume       = {11825},
  pages        = {155--196},
  publisher    = {Springer},
  year         = {2019},
  url          = {https://doi.org/10.1007/978-3-030-33636-3\_7},
  doi          = {10.1007/978-3-030-33636-3\_7},
}

@article{vezzosi2019cubical,
  author       = {Andrea Vezzosi and
                  Anders M{\"{o}}rtberg and
                  Andreas Abel},
  title        = {Cubical Agda: {A} dependently typed programming language with univalence
                  and higher inductive types},
  journal      = {J. Funct. Program.},
  volume       = {31},
  pages        = {e8},
  year         = {2021},
  url          = {https://doi.org/10.1017/S0956796821000034},
  doi          = {10.1017/S0956796821000034},
}

@online{danielsson2019agda,
  title={\#3733: Proper support for inductive families in Cubical Agda},
  subtitle={Agda GitHub issue},
  author={Danielsson, Nils Anders},
  year={2019},
  url={https://github.com/agda/agda/issues/3733},
  shorthand={{\#3733}}
}

@online{amelia2023rewrite,
  title={\#6643: Rewrite rules are allowed in implicit mutual blocks},
  subtitle={Agda GitHub issue},
  author={Liao, Am{\'{e}}lia},
  year={2023},
  url={https://github.com/agda/agda/issues/6643},
  shorthand={{\#6643}}
}

@online{knisht2024agda,
  title={\#7152: Add type-based termination checker},
  subtitle={Agda GitHub pull request},
  author={Nisht, Kanstantin},
  year={2024},
  url={https://github.com/agda/agda/pull/7152},
  shorthand={{\#7152}}
}

@online{burke2024agda,
  title={Associativity of vector concatenation REWRITE sometimes doesn't apply},
  subtitle={Agda GitHub issue},
  author={Burke, Nathaniel},
  year={2024},
  url={https://github.com/agda/agda/issues/7602},
  shorthand={{\#7602}}
}

@online{xie2025transport,
  title={Transport in HIT not strictly positive},
  subtitle={Agda GitHub issue},
  author={Xie, Szumi},
  year={2025},
  url={https://github.com/agda/agda/issues/7905},
  shorthand={{\#7602}}
}



@inproceedings{barthe2006type,
  author       = {Gilles Barthe and
                  Benjamin Gr{\'{e}}goire and
                  Fernando Pastawski},
  editor       = {Miki Hermann and
                  Andrei Voronkov},
  title        = {CIC$\widehat{~}$: Type-Based Termination of Recursive Definitions
                  in the Calculus of Inductive Constructions},
  booktitle    = {Logic for Programming, Artificial Intelligence, and Reasoning, 13th
                  International Conference, {LPAR} 2006, Phnom Penh, Cambodia, November
                  13-17, 2006, Proceedings},
  series       = {Lecture Notes in Computer Science},
  volume       = {4246},
  pages        = {257--271},
  publisher    = {Springer},
  year         = {2006},
  url          = {https://doi.org/10.1007/11916277\_18},
  doi          = {10.1007/11916277\_18},
}

@thesis{knisht2024termination,
  title={Type-Based Termination Checking in Agda},
  author={Nisht, Kanstantin},
  year={2024},
  url={https://knisht.github.io/agda/msc.pdf},
  type={mathesis}
}

@article{abel2016sized,
  author       = {Andreas Abel and
                  Brigitte Pientka},
  title        = {Well-founded recursion with copatterns and sized types},
  journal      = {J. Funct. Program.},
  volume       = {26},
  pages        = {e2},
  year         = {2016},
  url          = {https://doi.org/10.1017/S0956796816000022},
  doi          = {10.1017/S0956796816000022},
}

@article{annenkov2023two,
  author       = {Danil Annenkov and
                  Paolo Capriotti and
                  Nicolai Kraus and
                  Christian Sattler},
  title        = {Two-level type theory and applications},
  journal      = {Math. Struct. Comput. Sci.},
  volume       = {33},
  number       = {8},
  pages        = {688--743},
  year         = {2023},
  url          = {https://doi.org/10.1017/s0960129523000130},
  doi          = {10.1017/S0960129523000130},
}

@online{kovacs2024elab,
  title={Basic setup for formalizing elaboration},
  subtitle={GitHub Gist},
  author={Kov{\'a}cs, Andr{\'a}s},
  year={2024},
  urldate={2025-01-10},
  url={https://gist.github.com/AndrasKovacs/1758f83cced957afb00b1382a8974c92}
}

@online{kovacs2023complex,
  title={What are the complex induction patterns supported by Agda?},
  subtitle={Proof Assistants StackExchange Answer},
  author={Kov{\'a}cs, Andr{\'a}s},
  year={2023},
  urldate={2025-05-14},
  url={https://proofassistants.stackexchange.com/a/2002}
}

@online{kovacs2022strong,
  title={Strong eta-rules for functions on sum types},
  subtitle={Proof Assistants StackExchange Answer},
  author={Kov{\'a}cs, Andr{\'a}s},
  year={2022},
  urldate={2025-06-06},
  url={https://proofassistants.stackexchange.com/a/1886}
}

@inproceedings{hurkens1995simplification,
  author       = {Antonius J. C. Hurkens},
  editor       = {Mariangiola Dezani{-}Ciancaglini and
                  Gordon D. Plotkin},
  title        = {A Simplification of Girard's Paradox},
  booktitle    = {Typed Lambda Calculi and Applications, Second International Conference
                  on Typed Lambda Calculi and Applications, {TLCA} '95, Edinburgh, UK,
                  April 10-12, 1995, Proceedings},
  series       = {Lecture Notes in Computer Science},
  volume       = {902},
  pages        = {266--278},
  publisher    = {Springer},
  year         = {1995},
  url          = {https://doi.org/10.1007/BFb0014058},
  doi          = {10.1007/BFB0014058},
}

@article{abel2002recursion,
  author       = {Andreas Abel and
                  Thorsten Altenkirch},
  title        = {A predicative analysis of structural recursion},
  journal      = {J. Funct. Program.},
  volume       = {12},
  number       = {1},
  pages        = {1--41},
  year         = {2002},
  url          = {https://doi.org/10.1017/S0956796801004191},
  doi          = {10.1017/S0956796801004191},
}

@article{castellan2019cwf,
  author       = {Simon Castellan and
                  Pierre Clairambault and
                  Peter Dybjer},
  title        = {Categories with Families: Unityped, Simply Typed, and Dependently
                  Typed},
  journal      = {CoRR},
  volume       = {abs/1904.00827},
  year         = {2019},
  url          = {http://arxiv.org/abs/1904.00827},
  eprinttype    = {arXiv},
  eprint       = {1904.00827},
}

@article{takahashi1995parallel,
  author       = {Masako Takahashi},
  title        = {Parallel Reductions in lambda-Calculus},
  journal      = {Inf. Comput.},
  volume       = {118},
  number       = {1},
  pages        = {120--127},
  year         = {1995},
  url          = {https://doi.org/10.1006/inco.1995.1057},
  doi          = {10.1006/INCO.1995.1057},
}

@incollection{howard19080formulae,
	title = {The Formulae-as-Types Notion of Construction},
	author = {William Alvin Howard},
	booktitle = {To H. B. Curry: Essays on Combinatory Logic, Lambda Calculus, and Formalism},
	editor = {Haskell Curry and Hindley B. and Seldin J. Roger and P. Jonathan},
	publisher = {Academic Press},
	year = {1980}
}

@inproceedings{reynolds1974towards,
  author       = {John C. Reynolds},
  editor       = {Bernard J. Robinet},
  title        = {Towards a theory of type structure},
  booktitle    = {Programming Symposium, Proceedings Colloque sur la Programmation,
                  Paris, France, April 9-11, 1974},
  series       = {Lecture Notes in Computer Science},
  volume       = {19},
  pages        = {408--423},
  publisher    = {Springer},
  year         = {1974},
  url          = {https://doi.org/10.1007/3-540-06859-7\_148},
  doi          = {10.1007/3-540-06859-7\_148},
}

@article{girard1986system,
  author       = {Jean{-}Yves Girard},
  title        = {The System {F} of Variable Types, Fifteen Years Later},
  journal      = {Theor. Comput. Sci.},
  volume       = {45},
  number       = {2},
  pages        = {159--192},
  year         = {1986},
  url          = {https://doi.org/10.1016/0304-3975(86)90044-7},
  doi          = {10.1016/0304-3975(86)90044-7},
}

@incollection{girard1971extension,
  title = {Une Extension De L'Interpretation De G{\"o}del a L'analyse, Et Son Application a L'Elimination Des Coupures Dans L'Analyse Et La Theorie Des Types},
  editor = {J.E. Fenstad},
  series = {Studies in Logic and the Foundations of Mathematics},
  publisher = {Elsevier},
  volume = {63},
  pages = {63-92},
  year = {1971},
  booktitle = {Proceedings of the Second Scandinavian Logic Symposium},
  doi={10.1016/S0049-237X(08)70843-7},
  url={https://doi.org/10.1016/S0049-237X(08)70843-7}
}

@thesis{ghani1995adjoint,
  title={Adjoint Rewriting},
  author={Ghani, Neil},
  type={phdthesis},
  year={1995},
  school={University of Edinburgh},
  url={https://era.ed.ac.uk/bitstream/handle/1842/404/ECS-LFCS-95-339.PDF}
}

@inproceedings{allais2013new,
  author       = {Guillaume Allais and
                  Conor McBride and
                  Pierre Boutillier},
  editor       = {Stephanie Weirich},
  title        = {New equations for neutral terms: a sound and complete decision procedure,
                  formalized},
  booktitle    = {Proceedings of the 2013 {ACM} {SIGPLAN} workshop on Dependently-typed
                  programming, DTP@ICFP 2013, Boston, Massachusetts, USA, September
                  24, 2013},
  pages        = {13--24},
  publisher    = {{ACM}},
  year         = {2013},
  url          = {https://doi.org/10.1145/2502409.2502411},
  doi          = {10.1145/2502409.2502411},
}

@article{marlow2010haskell,
  title={Haskell 2010 Language Report},
  editor={Marlow, Simon},
  year={2010},
  url={https://www.haskell.org/onlinereport/haskell2010/}
}

@book{baader1998term,
  title={Term Rewriting and All That},
  author={Baader, Franz and Nipkow, Tobias},
  year={1998},
  publisher={Cambridge university press}
}

@software{buzzard2025flt,
  title={FLT},
  subtitle={Ongoing Lean formalisation of the proof of Fermat's Last Theorem},
  url={https://github.com/ImperialCollegeLondon/FLT},
  year={2025},
  author={Buzzard, Kevin and {contributors}}
}

@software{escardo2025topology,
  title    = {{TypeTopology}},
  author   = {Escard\'{o}, Mart\'{i}n H. and {contributors}},
  url      = {https://github.com/martinescardo/TypeTopology},
  note     = {{Agda} development},
  year     = {2025}
}

@article{abel2023graded,
  author       = {Andreas Abel and
                  Nils Anders Danielsson and
                  Oskar Eriksson},
  title        = {A Graded Modal Dependent Type Theory with a Universe and Erasure,
                  Formalized},
  journal      = {Proc. {ACM} Program. Lang.},
  volume       = {7},
  number       = {{ICFP}},
  pages        = {920--954},
  year         = {2023},
  url          = {https://doi.org/10.1145/3607862},
  doi          = {10.1145/3607862},
}

% Lol
@misc{cooper2025proof,
  author={Cooper, Aaron},
  title={``Proof assistants are hard to use''},
  note={Private correspondence},
  year={2025},
  month={Jun}
}

@article{shi2025qed,
  author       = {Jessica Shi and
                  Cassia Torczon and
                  Harrison Goldstein and
                  Benjamin C. Pierce and
                  Andrew Head},
  title        = {{QED} in Context: An Observation Study of Proof Assistant Users},
  journal      = {Proc. {ACM} Program. Lang.},
  volume       = {9},
  number       = {{OOPSLA1}},
  pages        = {337--363},
  year         = {2025},
  url          = {https://doi.org/10.1145/3720426},
  doi          = {10.1145/3720426},
}

@article{dunfield2022bidir,
  author       = {Jana Dunfield and
                  Neel Krishnaswami},
  title        = {Bidirectional Typing},
  journal      = {{ACM} Comput. Surv.},
  volume       = {54},
  number       = {5},
  pages        = {98:1--98:38},
  year         = {2022},
  url          = {https://doi.org/10.1145/3450952},
  doi          = {10.1145/3450952},
}

@inproceedings{bowman2025ethical,
  author       = {William J. Bowman},
  editor       = {Guillaume Allais and
                  Yanhong Annie Liu},
  title        = {The Ethical Compiler: Addressing the Is-Ought Gap in Compilation (Invited
                  Talk)},
  booktitle    = {Proceedings of the 2025 {ACM} {SIGPLAN} International Workshop on
                  Partial Evaluation and Program Manipulation, {PEPM} 2025, Denver,
                  CO, USA, 21 January 2025},
  pages        = {1--9},
  publisher    = {{ACM}},
  year         = {2025},
  url          = {https://doi.org/10.1145/3704253.3706135},
  doi          = {10.1145/3704253.3706135},
}

@inproceedings{chapman2008eat,
  author       = {James Chapman},
  editor       = {Andreas Abel and
                  Christian Urban},
  title        = {Type Theory Should Eat Itself},
  booktitle    = {Proceedings of the International Workshop on Logical Frameworks and
                  Metalanguages: Theory and Practice, LFMTP@LICS 2008, Pittsburgh, PA,
                  USA, June 23, 2008},
  series       = {Electronic Notes in Theoretical Computer Science},
  volume       = {228},
  pages        = {21--36},
  publisher    = {Elsevier},
  year         = {2008},
  url          = {https://doi.org/10.1016/j.entcs.2008.12.114},
  doi          = {10.1016/J.ENTCS.2008.12.114},
}

@thesis{sterling2022first,
  author       = {Jonathan Sterling},
  title        = {First Steps in Synthetic Tait Computability: The Objective Metatheory
                  of Cubical Type Theory},
  school       = {Carnegie Mellon University, {USA}},
  year         = {2022},
  url          = {https://doi.org/10.1184/r1/19632681.v1},
  doi          = {10.1184/R1/19632681.V1},
  type         = {phdthesis}
}

@article{zhang2023three,
  author       = {Tesla Zhang},
  title        = {Three non-cubical applications of extension types},
  journal      = {CoRR},
  volume       = {abs/2311.05658},
  year         = {2023},
  url          = {https://doi.org/10.48550/arXiv.2311.05658},
  doi          = {10.48550/ARXIV.2311.05658},
  eprinttype    = {arXiv},
  eprint       = {2311.05658},
}

@article{riehl2017synthetic,
  author={Riehl, Emily and Shulman, Michael},
  title={A type theory for synthetic $\infty$-categories},
  year={2017},
  journal={Higher Structures},
  volume={1},
  pages={147-224},
  issue={1},
  url={https://doi.org/10.21136/hs.2017.06},
  doi={10.21136/hs.2017.06}
}

@article{tait1967computability,
  author       = {William W. Tait},
  title        = {Intensional Interpretations of Functionals of Finite Type {I}},
  journal      = {J. Symb. Log.},
  volume       = {32},
  number       = {2},
  pages        = {198--212},
  year         = {1967},
  url          = {https://doi.org/10.2307/2271658},
  doi          = {10.2307/2271658},
}

@article{gilbert2019proof,
  author       = {Ga{\"{e}}tan Gilbert and
                  Jesper Cockx and
                  Matthieu Sozeau and
                  Nicolas Tabareau},
  title        = {Definitional proof-irrelevance without {K}},
  journal      = {Proc. {ACM} Program. Lang.},
  volume       = {3},
  number       = {{POPL}},
  pages        = {3:1--3:28},
  year         = {2019},
  url          = {https://doi.org/10.1145/3290316},
  doi          = {10.1145/3290316},
}

@Book{wadler2022plfa,
    author = {Philip Wadler and Wen Kokke and Jeremy G. Siek},
    title  = {Programming Language Foundations in {A}gda},
    year   = {2022},
    month  = aug,
    url    = {https://plfa.inf.ed.ac.uk/22.08/},
}
