@inproceedings{saffrich2024intrinsically,
  title={Intrinsically Typed Syntax, a LOGICAL Relation, and the Scourge of the Transfer Lemma},
  author={Saffrich, Hannes and Thiemann, Peter and Weidner, Marius},
  booktitle={Proceedings of the 9th ACM SIGPLAN International Workshop on Type-Driven Development},
  pages={2--15},
  year={2024}
}

@book{norell2007towards,
  title={Towards a practical programming language based on dependent type theory},
  author={Norell, Ulf},
  volume={32},
  year={2007},
  publisher={Chalmers University of Technology}
}

@unpublished{altenkirch2024copypaste,
  title={Substitution without copy and paste},
  author={Altenkirch, Thorsten and Burke, Nathaniel and Wadler, Philip},
  year={2024},
  note={Available at https://github.com/txa/substitution/blob/main}
}

@article{lindley2013hasochism,
  author = {Lindley, Sam and McBride, Conor},
  title = {Hasochism: the pleasure and pain of dependently typed haskell programming},
  year = {2013},
  issue_date = {December 2013},
  publisher = {Association for Computing Machinery},
  address = {New York, NY, USA},
  volume = {48},
  number = {12},
  issn = {0362-1340},
  url = {https://doi.org/10.1145/2578854.2503786},
  doi = {10.1145/2578854.2503786},
  abstract = {Haskell's type system has outgrown its Hindley-Milner roots to the extent that it now stretches to the basics of dependently typed programming. In this paper, we collate and classify techniques for programming with dependent types in Haskell, and contribute some new ones. In particular, through extended examples---merge-sort and rectangular tilings---we show how to exploit Haskell's constraint solver as a theorem prover, delivering code which, as Agda programmers, we envy. We explore the compromises involved in simulating variations on the theme of the dependent function space in an attempt to help programmers put dependent types to work, and to inform the evolving language design both of Haskell and of dependently typed languages more broadly.},
  journal = {SIGPLAN Not.},
  month = sep,
  pages = {81–92},
  numpages = {12},
  keywords = {singletons, proof search, invariants, dependent types, data type promotion}
}

@article{altenkirch2009big,
  title={Big-step normalisation},
  author={Altenkirch, Thorsten and Chapman, James},
  journal={Journal of Functional Programming},
  volume={19},
  number={3-4},
  pages={311--333},
  year={2009},
  publisher={Cambridge University Press}
}

@inproceedings{altenkirch2020big,
  title={Big Step Normalisation for Type Theory},
  author={Altenkirch, Thorsten and Geniet, Colin},
  booktitle={25th International Conference on Types for Proofs and Programs (TYPES 2019)},
  year={2020},
  organization={Schloss-Dagstuhl-Leibniz Zentrum f{\"u}r Informatik}
}

@article{abel2017decidability,
  title={Decidability of conversion for type theory in type theory},
  author={Abel, Andreas and {\"O}hman, Joakim and Vezzosi, Andrea},
  journal={Proceedings of the ACM on Programming Languages},
  volume={2},
  number={POPL},
  pages={1--29},
  year={2017},
  publisher={ACM New York, NY, USA}
}

@inproceedings{abel2016decidability,
  title={On the decidability of conversion in type theory},
  author={Abel, Andreas and Coquand, Thierry and Mannaa, Bassel},
  booktitle={22nd International Conference on Types for Proofs and Programs, TYPES},
  pages={23--26},
  year={2016}
}

@phdthesis{winterhalter2020formalisation,
  title    = {Formalisation and meta-theory of type theory},
  school   = {Université de Nantes},
  author   = {Winterhalter, Théo},
  year     = {2020},
}

@inproceedings{sjoberg2015programming,
  title={Programming up to congruence},
  author={Sj{\"o}berg, Vilhelm and Weirich, Stephanie},
  booktitle={Proceedings of the 42nd Annual ACM SIGPLAN-SIGACT Symposium on Principles of Programming Languages},
  pages={369--382},
  year={2015}
}

@article{scherer2017deciding,
  title={Deciding equivalence with sums and the empty type},
  author={Scherer, Gabriel},
  journal={ACM SIGPLAN Notices},
  volume={52},
  number={1},
  pages={374--386},
  year={2017},
  publisher={ACM New York, NY, USA}
}

@article{altenkirch2024internal,
  title={Internal parametricity, without an interval},
  author={Altenkirch, Thorsten and Chamoun, Yorgo and Kaposi, Ambrus and Shulman, Michael},
  journal={Proceedings of the ACM on Programming Languages},
  volume={8},
  number={POPL},
  pages={2340--2369},
  year={2024},
  publisher={ACM New York, NY, USA}
}

@conference{altenkirch2011case,
	title = {The case of the smart case - How to implement conditional convertibility?},
	author = {Altenkirch, Thorsten},
  booktitle = {NII Shonan Meeting 007},
	month = sep,
	year = {2011},
	url = {https://shonan.nii.ac.jp/archives/seminar/007/files/2011/09/altenkirch_slides.pdf},
}

@misc{nlab2024product,
	title = {product type in {nLab}},
	url = {https://ncatlab.org/nlab/show/product+type},
	urldate = {2025-01-16},
	journal = {nLab},
	month = jan,
	year = {2024},
}

@article{pfenning1988higher,
  title={Higher-order abstract syntax},
  author={Pfenning, Frank and Elliott, Conal},
  journal={ACM sigplan notices},
  volume={23},
  number={7},
  pages={199--208},
  year={1988},
  publisher={ACM New York, NY, USA}
}

@article{dougherty2000equality,
  title={Equality between functionals in the presence of coproducts},
  author={Dougherty, Daniel J and Subrahmanyam, Ramesh},
  journal={Information and Computation},
  volume={157},
  number={1-2},
  pages={52--83},
  year={2000},
  publisher={Elsevier}
}

@book{girard1989proofs,
  title={Proofs and types},
  author={Girard, Jean-Yves and Taylor, Paul and Lafont, Yves},
  volume={7},
  year={1989},
  publisher={Cambridge university press Cambridge}
}

@misc{kovacs2020strong,
	title = {StrongNorm.agda},
  author = {Kov{\'a}cs, Andr{\'a}s},
	url = {https://github.com/AndrasKovacs/misc-stuff/blob/master/agda/STLCStrongNorm/StrongNorm.agda},
	urldate = {2025-01-16},
	journal = {GitHub},
	month = aug,
	year = {2020},
}

@Book{hottbook,
  author =    {The {Univalent Foundations Program}},
  title =     {Homotopy Type Theory: Univalent Foundations of Mathematics},
  publisher = {\url{https://homotopytypetheory.org/book}},
  address =   {Institute for Advanced Study},
  year =      2013}

@inproceedings{cockx2020type,
  title={Type theory unchained: Extending agda with user-defined rewrite rules},
  author={Cockx, Jesper},
  booktitle={25th International Conference on Types for Proofs and Programs, TYPES 2019},
  pages={2},
  year={2020},
  organization={Schloss Dagstuhl-Leibniz-Zentrum fur Informatik GmbH, Dagstuhl Publishing}
}

@article{hickey1996formal,
  title={Formal objects in type theory using very dependent types},
  author={Hickey, Jason J},
  journal={Foundations of Object Oriented Languages},
  volume={3},
  pages={117--170},
  year={1996}
}

@inproceedings{altenkirch2023munchhausen,
  title={The M{\"u}nchhausen Method in Type Theory},
  author={Altenkirch, Thorsten and Kaposi, Ambrus and {\v{S}}inkarovs, Artjoms and V{\'e}gh, Tam{\'a}s},
  booktitle={28th International Conference on Types for Proofs and Programs 2022},
  pages={10},
  year={2023},
  organization={Schloss Dagstuhl-Leibniz-Zentrum f{\"u}r Informatik}
}

@article{martelli1982efficient,
  title={An efficient unification algorithm},
  author={Martelli, Alberto and Montanari, Ugo},
  journal={ACM Transactions on Programming Languages and Systems (TOPLAS)},
  volume={4},
  number={2},
  pages={258--282},
  year={1982},
  publisher={ACM New York, NY, USA}
}

@article{cockx2017dependent,
  title={Dependent pattern matching and proof-relevant unification},
  author={Cockx, Jesper},
  year={2017}
}

@misc{abel2009smart,
  title={Smart Case [Re: [Agda] A puzzle with "with"]},
  author={Abel, Andreas},
  year={2009},
  url={https://lists.chalmers.se/pipermail/agda/2009/001098.html},
  journal={Agda Mailing List}
}

@misc{altenkirch2009smart,
  title={Smart Case [Re: [Agda] A puzzle with "with"]},
  author={Altenkirch, Thorsten},
  year={2009},
  url={https://lists.chalmers.se/pipermail/agda/2009/001106.html},
  journal={Agda Mailing List}
}

@article{mcbride2004view,
  title={The view from the left},
  author={McBride, Conor and McKinna, James},
  journal={Journal of functional programming},
  volume={14},
  number={1},
  pages={69--111},
  year={2004},
  publisher={Cambridge University Press}
}

@misc{agda2024with,
  title={With-Abstraction},
  author={The {Agda Team}},
  year={2024},
  journal={The Agda 2.7.0.1 User Manual},
  url={https://agda.readthedocs.io/en/v2.7.0.1/language/with-abstraction.html},
  urldate={2025-01-20}
}

@inproceedings{coquand1992pattern,
  title={Pattern matching with dependent types},
  author={Coquand, Thierry},
  booktitle={Informal proceedings of Logical Frameworks},
  volume={92},
  pages={66--79},
  year={1992},
  organization={Citeseer}
}

@misc{2024eqreasoning,
  title={Relation.Binary.EqReasoning},
  journal={The Agda Standard Library 2.1.1},
  year={2024},
  url={https://agda.github.io/agda-stdlib/v2.1.1/Relation.Binary.Reasoning.Setoid.html},
  urldate={2025-01-20}
}

@misc{rocq2024,
  title = "The {Rocq} Reference Manual -- Release 9.0",
  author = "{The Rocq Team}",
  year = "2025",
  howpublished = "\url{https://coq.inria.fr/doc/v9.0/refman/}"
}

@article{brady2021idris,
  title={Idris 2: Quantitative type theory in practice},
  author={Brady, Edwin},
  journal={arXiv preprint arXiv:2104.00480},
  year={2021}
}

@inproceedings{moura2021lean,
  title={The Lean 4 theorem prover and programming language},
  author={Moura, Leonardo de and Ullrich, Sebastian},
  booktitle={Automated Deduction--CADE 28: 28th International Conference on Automated Deduction, Virtual Event, July 12--15, 2021, Proceedings 28},
  pages={625--635},
  year={2021},
  organization={Springer}
}

@unpublished{martin1971types,
  title={A Theory of Types},
  author={Martin-L{\"o}f, Per},
  year={1971},
  url={https://raw.githubusercontent.com/michaelt/martin-lof/master/pdfs/martin-loef1971%20-%20A%20Theory%20of%20Types.pdf}
}

@incollection{martin1975intuitionistic,
  title={An intuitionistic theory of types: predicative part},
  author={Martin-L{\"o}f, Per},
  booktitle={Studies in Logic and the Foundations of Mathematics},
  volume={80},
  pages={73--118},
  year={1975},
  publisher={Elsevier}
}

@inproceedings{altenkirch2007observational,
  title={Observational equality, now!},
  author={Altenkirch, Thorsten and McBride, Conor and Swierstra, Wouter},
  booktitle={Proceedings of the 2007 workshop on Programming languages meets program verification},
  pages={57--68},
  year={2007}
}

@article{cohen2016cubical,
  title={Cubical type theory: a constructive interpretation of the univalence axiom},
  author={Cohen, Cyril and Coquand, Thierry and Huber, Simon and M{\"o}rtberg, Anders},
  journal={arXiv preprint arXiv:1611.02108},
  year={2016}
}

@article{streicher1993investigations,
  title={Investigations into intensional type theory},
  author={Streicher, Thomas},
  journal={Habilitiation Thesis, Ludwig Maximilian Universit{\"a}t},
  pages={57},
  year={1993}
}

@inproceedings{altenkirch2001normalization,
  title={Normalization by evaluation for typed lambda calculus with coproducts},
  author={Altenkirch, Thorsten and Dybjer, Peter and Hofmann, Martin and Scott, Phil},
  booktitle={Proceedings 16th Annual IEEE Symposium on Logic in Computer Science},
  pages={303--310},
  year={2001},
  organization={IEEE}
}

@article{pedrot2021debunking,
  title={Debunking Sheaves},
  author={P{\'e}drot, Pierre-Marie},
  journal={Unpublished manuscript. Feb},
  volume={8},
  pages={76},
  year={2021}
}
